@Book{CohenNotes,
  title = {The Topology of Fiber Bundles Lecture Notes},
  author = {Ralph L. Cohen},
  address = {Stanford University},
  year = {1998},
  url = {http://math.stanford.edu/~ralph/fiber.pdf},
}
